@article{hinton2002training,
  title={Training products of experts by minimizing contrastive divergence},
  author={Hinton, Geoffrey E},
  journal={Neural computation},
  volume={14},
  number={8},
  pages={1771--1800},
  year={2002},
  publisher={MIT Press}
}

@article{woodfordnotes,
  title={Notes on contrastive divergence},
  author={Woodford, Oliver },
  url={http://www.robots.ox.ac.uk/~ojw/files/NotesOnCD.pdf}
}

@article{neftci2013event,
  title={Event-driven contrastive divergence for spiking neuromorphic systems},
  author={Neftci, Emre and Das, Srinjoy and Pedroni, Bruno and Kreutz-Delgado, Kenneth and Cauwenberghs, Gert},
  journal={Frontiers in neuroscience},
  volume={7},
  year={2013},
  publisher={Frontiers Media SA}
}

@article{zhang2013rbm,
  title="{Introduction of Ristricted Boltzmann Machines (Chinese)}",
  author={Zhang, Chun-Xia and Ji, Nan-Nan and Wang, Guan-Wei},
  year={2013},
  journal={www.paper.edu.cn}
}

@inproceedings{welling2004exponential,
  title={Exponential family harmoniums with an application to information retrieval},
  author={Welling, Max and Rosen-Zvi, Michal and Hinton, Geoffrey E},
  booktitle={Advances in neural information processing systems},
  pages={1481--1488},
  year={2004}
}

@article{hopfield1982neural,
	title={Neural networks and physical systems with emergent collective computational abilities},
	author={Hopfield, John J},
	journal={Proceedings of the national academy of sciences},
	volume={79},
	number={8},
	pages={2554--2558},
	year={1982},
	publisher={National Acad Sciences}
}

@article{hinton2006fast,
	title={A fast learning algorithm for deep belief nets},
	author={Hinton, Geoffrey E and Osindero, Simon and Teh, Yee-Whye},
	journal={Neural computation},
	volume={18},
	number={7},
	pages={1527--1554},
	year={2006},
	publisher={MIT Press}
}

@article{arel2010deep,
  title={Deep machine learning-a new frontier in artificial intelligence research [research frontier]},
  author={Arel, Itamar and Rose, Derek C and Karnowski, Thomas P},
  journal={Computational Intelligence Magazine, IEEE},
  volume={5},
  number={4},
  pages={13--18},
  year={2010},
  publisher={IEEE}
}